@misc{xv6-debug,
  author = 	 {Stackoverflow},
  title = 	 {Debugging user-code on xv6 with gdb},
  institution =  {Stackoverflow},
  year = 	 2012,
  note  = {\url{https://stackoverflow.com/questions/10534798/debugging-user-code-on-xv6-with-gdb}}
}

@misc{yale-cs422-as1,
  author = 	 {CS422},
  title = 	 {CS422/522 Lab 1: Bootloader \& Physical Memory Management},
  institution =  {Yale University},
  year = 	 2022,
  note  = {\url{https://flint.cs.yale.edu/cs422/assignments/as1.html}}
}

@misc{disasm-flat,
  author = 	 {Stackoverflow},
  title = 	 {Disassembling A Flat Binary File Using objdump},
  institution =  {Stackoverflow},
  year = 	 2013,
  note  = {\url{https://stackoverflow.com/questions/14290879/disassembling-a-flat-binary-file-using-objdump}}
}

@misc{jasoncc-mem,
  author = 	 {jasoncc},
  title = 	 {Notes on x86\_64 Linux Memory Management Part 1: Memory Addressing},
  institution =  {jasoncc.github.io},
  year = 	 2013,
  note  = {\url{https://jasoncc.github.io/kernel/jasonc-mm-x86.html}}
}
